=LDR  02375 ai a2200625 a 4500
=001  007195410
=003  Uk
=005  20080717144115.0
=006  m\\\\\\\\d\|\\\\\\
=007  cr||||||||||||
=008  040416d199u2007xxuuu\d\sai\\\0\\\a2eng\\
=040  \\$aUk$beng$cUk$dUk
=042  \\$aukblsr
=082  04$a658$222
=130  0\$aManagement and marketing abstracts (Online)
=245  10$aManagement & marketing abstracts$h[electronic resource].
=260  \\$a[Cary, N.C.?] :$bThomson Dialog.
=336  \\$atext$2rdacontent
=337  \\$acomputer$2rdamedia
=338  \\$aonline resource$2rdacarrier
=500  \\$aCeased publication, and therefore no longer available (as of May? 2007).
=500  \\$aTitle from web site (viewed on 27th Jan. 2005)
=520  \\$aComprises indexed abstracts from 1976 to the present from articles in over 200 academic and professional management journals.
=538  \\$aMode of access: World Wide Web.
=650  \0$aManagement$vAbstracts
=650  \0$aManagement$vIndexes
=650  \0$aMarketing$vAbstracts
=650  \0$aMarketing$vIndexes
=690  7\$aManagement and Business Studies$2blcoll
=787  0\$tManagement and marketing abstracts$x0308-2172
=787  0\$tManagement and marketing abstracts (CD-ROM)
=852  41$aBritish Library$bHMNTS
=856  4\$thttp://www.dialogatsite.com/atsiteext.dll$zNo longer links to resource as of May? 2007
=985  \\$arequest to close from S. Halper
=CAT  \\$aCONV$b00$c20040425$lBLL90$h0713
=CAT  \\$aCONV$b00$c20040502$lBLL01$h1212
=CAT  \\$a3072$b40$c20050127$lBLL01$h1134
=CAT  \\$a3072$b40$c20050127$lBLL01$h1136
=CAT  \\$a3072$b40$c20050407$lBLL01$h1441
=CAT  \\$a3072$b40$c20050407$lBLL01$h1444
=CAT  \\$a8874$b40$c20060606$lBLL01$h1311
=CAT  \\$a3072$b40$c20060811$lBLL01$h1143
=CAT  \\$a3072$b40$c20080716$lBLL01$h1136
=CAT  \\$a3072$b40$c20080716$lBLL01$h1156
=CAT  \\$a3072$b40$c20080716$lBLL01$h1213
=CAT  \\$a3072$b40$c20080716$lBLL01$h1234
=CAT  \\$a3072$b40$c20080717$lBLL01$h1441
=CAT  \\$aBATCH$b00$c20090517$lBLL01$h1818
=CAT  \\$aBATCH690$c20100715$lBLL01$h2100
=CAT  \\$aBATCH-MBS$c20100716$lBLL01$h2045
=FIN  \\$aY$d20050407
=FMT  \\$a  SE
=LAS  \\$aBATCH-MBS$b00$c20100716$lBLL01$h2045
=SRC  \\$aDSS03$bbibsr.200404.2.aa
=TCO  \\$aTRS$bCCC$c008

