=LDR  02504 ai a2200649 a 4500
=001  013037082
=003  Uk
=005  20111014102915.0
=006  m\\\\\\\\e\\\\\\\\
=007  cr\cn|||||||||
=008  071207c19939999ohukr\dss\c\\\0\\\\2eng\d
=035  \\$a(OCoLC)182969474
=040  \\$aJPG$cJPG$dJPG$dUk
=042  \\$aukblsr
=082  04$a011.31$222
=245  00$aArchiveGrid$h[electronic resource] :$bopen the door to history.
=246  3\$aArchive grid
=246  1\$iAlso previously known as:$aEureka archival resources
=247  10$aArchival resources$f<Apr. 12, 2005>
=260  \\$aDublin, Ohio :$bOCLC Online Computer Library Center
=310  \\$aContinuously updated
=336  \\$atext$2rdacontent
=337  \\$acomputer$2rdamedia
=338  \\$aonline resource$2rdacarrier
=362  1\$aBegan in 1993?
=500  \\$aTitle from home page (viewed on Dec. 7, 2007).
=516  \\$aSearchable database.
=520  \\$aCatalogue of descriptive records for archival collections and items, together with a fast-growing set of online finding aids, providing a single point of entry to many of the world's archival holdings.
=538  \\$aMode of access: World Wide Web.
=550  \\$aIssued by the Research Libraries Group < -Sept. 30, 2007>.
=650  \0$aArchives$zUnited States$vCatalogs.
=650  \0$aArchives$vCatalogs.
=650  \0$aManuscripts$zUnited States$vCatalogs.
=650  \0$aManuscripts$vCatalogs.
=650  \0$aLibraries$zUnited States$xSpecial collections$vCatalogs.
=650  \0$aLibraries$xSpecial collections$vCatalogs.
=655  \0$aElectronic reference sources.
=655  \0$aOnline databases.
=710  2\$aOCLC.
=710  2\$aResearch Libraries Group.
=710  2\$aRLG (Organization)
=852  41$aBritish Library$bHMNTS
=856  4\$uhttp://eureka.rlg.ac.uk$zNo longer links to resource as of Oct. 2007
=856  40$uhttp://www.archivegrid.org/$zFor subscribers only, requires account and password
=985  \\$acancelled - email from K.Kowal 04 October 2011.
=CAT  \\$a6946$b40$c20041115$lBLL01$h1240
=CAT  \\$a6946$b40$c20041115$lBLL01$h1241
=CAT  \\$a3072$b40$c20050630$lBLL01$h1342
=CAT  \\$a3072$b40$c20081215$lBLL01$h1610
=CAT  \\$a3072$b40$c20081216$lBLL01$h1403
=CAT  \\$a12165$b40$c20111004$lBLL01$h1054
=CAT  \\$a3072$b40$c20111014$lBLL01$h1029
=FIN  \\$aY$d20050630
=FMT  \\$a  SE
=LAS  \\$a3072$b40$c20111014$lBLL01$h1029
=SID  \\$aZ39$bOCLC
=TCO  \\$aTRS$bCCC$c008

