=LDR  02029 ai a2200493 a 4500
=001  013600225
=003  Uk
=005  20101018163421.0
=006  m\\\\\\\\d\|\\\\\\
=007  cr||||||||||||
=008  061113c199u9999at\uu\d\saai\\0\\\a2eng\\
=040  \\$aUk$beng$cUk
=042  \\$aukblsr
=082  04$a610$222
=245  00$aMeditext$h[electronic resource].
=260  \\$aMelbourne :$bRMIT Publishing
=336  \\$atext$2rdacontent
=337  \\$acomputer$2rdamedia
=338  \\$aonline resource$2rdacarrier
=500  \\$aTitle from search screen (viewed on 8th Nov. 2006)
=520  \\$aFull content online database linking articles from over 120 medical and health journals to records contained in the Australasian Medical Index (AMI). Source documents include journals, conference proceedings, government reports, selected monographs and National Health and Medical Research Council (NHMRC) session reports. Full text coverage is from 1995: index coverage from 1968.
=538  \\$aMode of access: World Wide Web.
=650  \0$aMedicine$vAbstracts.
=650  \0$aMedicine$zIndexes.
=650  \0$aHealth$vAbstracts.
=650  \0$aHealth$vIndexes.
=730  0\$aInformit.
=852  41$aBritish Library$bHMNTS
=856  40$uhttp://search.informit.com.au/search;res=MEDITEXT$zFor subscribers only
=985  \\$aemail from Cathy Lott 7/10/2010 that we no longer subscribe to this; removed from OPAC by taking {dollar}j out of holding.
=CAT  \\$a3072$b40$c20061113$lBLL01$h1617
=CAT  \\$a3072$b40$c20061113$lBLL01$h1624
=CAT  \\$a3072$b40$c20061113$lBLL01$h1625
=CAT  \\$a3072$b40$c20061116$lBLL01$h1026
=CAT  \\$a3072$b40$c20061116$lBLL01$h1029
=CAT  \\$a3072$b40$c20061116$lBLL01$h1127
=CAT  \\$a3072$b40$c20061116$lBLL01$h1427
=CAT  \\$a3072$b40$c20061116$lBLL01$h1440
=CAT  \\$a3072$b40$c20061116$lBLL01$h1703
=CAT  \\$a3072$b40$c20101018$lBLL01$h1634
=FIN  \\$aY$d20061116
=FMT  \\$a  SE
=LAS  \\$a3072$b40$c20101018$lBLL01$h1634
=TCO  \\$aAUS$bCAL$c008

