=LDR  02899 ai a22005897a 4500
=001  013695683
=003  Uk
=005  20121009122214.0
=006  m\\\\\\\\d\|\\\\\\
=007  cr\mn|||||||||
=008  051109c20049999ru\\x\d\s\\\\\0\\\b2eng\d
=035  \\$a(OCoLC)62249165
=040  \\$aCUI$cCUI$dUk
=041  0\$aeng$arus$amul
=245  00$aComintern electronic archives$h[electronic resource] =$bĖlektronnyĭ arkhiv Kominterna.
=246  31$aĖlektronnyĭ arkhiv Kominterna
=246  30$aComintern online
=246  30$aKomintern onlaĭn
=246  3\$aComintern online
=246  1\$iAlso known as:$aComintern online database
=260  \\$aLeiden :$bIDC Publishers ;$aMoscow :$bElectronic Archives,$c[2004-]
=260  3\$32008-$aMoscow :$bRusAR
=336  \\$atext$2rdacontent
=337  \\$acomputer$2rdamedia
=338  \\$aonline resource$2rdacarrier
=500  \\$aTitle from homepage (viewed on November 8, 2005).
=500  \\$aLast viewed on Dec. 5, 2008.
=500  \\$a"Online access ... is possible since August 2004 "--Background information page.
=506  \\$aAccess to scanned documents is restricted to subscribers ; access to the inventory of the archives is unrestricted.
=520  \\$aThe Comintern (3rd International) was founded by Lenin in 1919 as an International Party of Proletariat, and was ceased in 1943. The Comintern Archive consists of 55 million pages of documents in 90 languages. Now kept in the Russian State Archive for Social and Political History in Moscow (RGASPI), the archive has been classified until 1991. The COMINTERN Online Database is based upon the inventory to the complete Comintern Archives. It provides full descriptions of all files and access to 1.2 million digital images of the most frequently used documents. The service, database and number of images are being updated on a regular basis.
=538  \\$aMode of access: World Wide Web.
=546  \\$aEnglish and Russian versions. Documents in various languages.
=610  20$aCommunist International$vArchives.
=650  \0$aCommunism$xHistory$vSources.
=710  2\$aCommunist International.
=710  2\$aIDC Publishers.
=710  2\$aElectronic Archives.
=852  41$aBritish Library$bHMNTS
=856  40$uhttp://comintern-online.com/$zFor subscribers only; requires user name and password
=985  \\$aSubscription to this full-text resource cancelled 12/09/2012.
=CAT  \\$a6524$b40$c20070314$lBLL01$h1336
=CAT  \\$a6524$b40$c20070314$lBLL01$h1337
=CAT  \\$a3072$b40$c20070615$lBLL01$h1603
=CAT  \\$a3072$b40$c20080218$lBLL01$h1204
=CAT  \\$a3072$b40$c20081205$lBLL01$h1416
=CAT  \\$a6537$b40$c20111214$lBLL01$h1331
=CAT  \\$a3072$b40$c20121009$lBLL01$h1221
=CAT  \\$a3072$b40$c20121009$lBLL01$h1222
=FIN  \\$aY$d20070615
=FMT  \\$a  SE
=LAS  \\$a3072$b40$c20121009$lBLL01$h1222
=TCO  \\$aXXX$c008

