=LDR  03076 ai a2200745 a 4500
=001  012446478
=003  Uk
=005  20120313121409.0
=006  m\\\\\\\\d\|\\\\\\
=007  cr||||||||||||
=008  040416c20069999xxuuu\d\s\u\\\0\\\a2eng\\
=040  \\$aUk$beng$cUk$dUk
=042  \\$aukblsr
=082  04$a620.0021873$222
=245  00$aASTM standards and engineering digital library$h[electronic resource] :$bSEDL.
=246  30$aStandards and engineering digital library
=246  13$aASTM International standards worldwide
=246  13$aStandards worldwide
=246  13$aASTM
=246  3\$aSEDL
=246  1\$iAlso known as:$aASTM online
=246  1\$iAlso known as:$aASTM standards and digital library
=246  1\$iHTML source title:$aASTM International - Digital Library
=260  \\$aWest Conshohocken, PA. :$bASTM International
=336  \\$atext$2rdacontent
=337  \\$acomputer$2rdamedia
=338  \\$aonline resource$2rdacarrier
=362  1\$aLaunched in 2006.
=500  \\$aTitle from search screen of "Digital Library Home" (viewed Oct. 19, 2010).
=520  \\$aASTM technical standards and the complete digital library of books, journals & papers. ASTM develop technical standards for materials, products, systems & services in a wide variety of fields including construction, manufacturing & transportation.
=538  \\$aMode of access: World Wide Web.
=610  20$aASTM International$vPeriodicals.
=610  20$aAmerican Society for Testing and Materials$vPeriodicals.
=650  \0$aStandards, Engineering$zUnited States$vDatabases.
=650  \0$aMaterials$zUnited States$xTesting$vDatabases.
=650  \0$aStandardization$zUnited States$vDatabases.
=710  2\$aASTM International.
=710  2\$aAmerican Society for Testing and Materials.
=740  02$aASTM STP.
=740  02$aASTM special technical publications.
=740  02$aASTM manuals.
=740  02$aASTM monographs.
=740  02$aASTM journals.
=852  41$aBritish Library$bSTI
=856  40$uhttp://www.astm.org/DIGITAL_LIBRARY/index.shtml/$zFor subscribers only
=985  \\$aCatalogued to match link from Integrated list from "Digital Library home" rather than from "ASTM home" level (which is web site called ASTM International)
=985  \\$aCancelled - email from E. Walker 7/3/2012.
=A02  \\$a3024208$z0
=CAT  \\$aCONV$b00$c20040425$lBLL90$h0713
=CAT  \\$aCONV$b00$c20040502$lBLL01$h1509
=CAT  \\$aBATCH$b00$c20091210$lBLL01$h2335
=CAT  \\$aBATCH$b00$c20091214$lBLL01$h0847
=CAT  \\$aBATCH$b00$c20091216$lBLL01$h0221
=CAT  \\$a3072$b40$c20100824$lBLL01$h1521
=CAT  \\$a3072$b40$c20100824$lBLL01$h1532
=CAT  \\$a3072$b40$c20100824$lBLL01$h1533
=CAT  \\$a3072$b40$c20101019$lBLL01$h1217
=CAT  \\$a3072$b40$c20101019$lBLL01$h1228
=CAT  \\$a3072$b40$c20120313$lBLL01$h1213
=CAT  \\$a3072$b40$c20120313$lBLL01$h1214
=FIN  \\$aY$d20100824
=FMT  \\$a  SE
=LAS  \\$a3072$b40$c20120313$lBLL01$h1214
=SRC  \\$aDSS03$bbibsr.200404.2.aa
=TCO  \\$aTRS$bCCC$c008

