=LDR  02159 ai a22006017a 4500
=001  012453617
=003  Uk
=005  20120823172302.0
=006  m\\\\\\\\d\|\\\\\\
=007  cr||||||||||||
=008  030904c19979999xxuar\d\siai\\0\\\a2eng\\
=019  1\$abld00L0580
=040  \\$aUk$cUk$dUk
=245  00$aeHRAF world cultures$h[electronic resource].
=247  10$aeHRAF collection of ethnography$f1997-2007?
=260  \\$aNew Haven, Conn. :$bHuman Relations Area Files$c[1997]-
=310  \\$aUpdated annually
=336  \\$atext$2rdacontent
=337  \\$acomputer$2rdamedia
=338  \\$aonline resource$2rdacarrier
=500  \\$aTitle from home page (viewed on 3 Apr. 2003).
=500  \\$aLast viewed on 22 Jan. 2008.
=520  \\$aA unique cross-cultural database containing descriptive information on the cultures of the world.
=538  \\$aMode of access: World Wide Web.
=650  \0$aEthnology$vIndexes.
=650  \0$aCulture$vIndexes.
=650  \0$aAnthropology$vIndexes.
=650  \0$aSocial sciences$vIndexes.
=710  2\$aHuman Relations Area Files, inc.
=852  41$aBritish Library$bHMNTS
=856  4\$uhttp://www.yale.edu/hraf/collections.htm$zTo subscribe
=856  4\$uhttp://ets.umdl.umich.edu/e/ehrafe$zLink no longer valid as of 1 Feb. 2008
=957  \\$a030403p
=985  \\$aSubscription cancelled June 2011.
=CAT  \\$aCONV$b00$c20040425$lBLL90$h0720
=CAT  \\$aCONV$b00$c20040502$lBLL01$h1509
=CAT  \\$a11317$b40$c20041102$lBLL01$h1359
=CAT  \\$a6550$b40$c20080115$lBLL01$h1038
=CAT  \\$a3072$b40$c20080122$lBLL01$h1130
=CAT  \\$a3072$b40$c20080122$lBLL01$h1159
=CAT  \\$a3072$b40$c20080122$lBLL01$h1203
=CAT  \\$aBATCH$b00$c20091210$lBLL01$h2337
=CAT  \\$a3072$b40$c20120823$lBLL01$h1404
=CAT  \\$a3072$b40$c20120823$lBLL01$h1409
=CAT  \\$a3072$b40$c20120823$lBLL01$h1723
=CAT  \\$aBATCH-UPD$b40$c20170306$lBLL01$h0839
=FIN  \\$aY
=FMT  \\$a  SE
=LAS  \\$aBATCH-UPD$b40$c20170306$lBLL01$h0839
=LEO  \\$aMP13.0000121293
=SRC  \\$aHSS01$bbibmp13.200404.2.aa
=SRC  \\$aDSS02$bbibh.200404.2.aa
=TCO  \\$aTRS$bCCC$c008

