=LDR  01952 ai a2200505 a 4500
=001  012457705
=003  Uk
=005  20100211094827.0
=006  m\\\\\\\\d\\\\\\\\
=007  cr\cnu||||||||
=008  030904d199u2009xxudr\d\s\\\\\0\\\a2eng\\
=019  1\$abld00L5230
=040  \\$aUk$cUk$dUk
=130  0\$aGlobal newsbank (Online)
=245  10$aGlobal newsbank$h[electronic resource].
=246  1\$iAlso known as:$aGlobal newsbank online
=260  \\$a[Naples, Fla.] :$bNewsBank Inc.
=310  \\$aUpdated daily
=336  \\$atext$2rdacontent
=337  \\$acomputer$2rdamedia
=338  \\$aonline resource$2rdacarrier
=500  \\$aCeased publication.
=500  \\$aTitle from search screen (viewed 11 June 2003).
=520  \\$aFull text of articles from newspapers and periodicals and transcripts of international broadcast news, offering access to current issues and events world-wide.
=538  \\$aMode of access: World Wide Web.
=650  \0$aHistory, Modern$y1989-$vPeriodicals.
=787  08$iCD-ROM:$aGlobal newsbank
=852  41$aBritish Library$bHMNTS
=856  4\$uhttp://www.newsbank.com/connection/sign_in.html$zNo longer links to resource, as of 1 June 2009.$zBL Reading Room access
=957  \\$a030611p
=985  \\$aWhen this ceased our sub was replaced by access to "Access world news", an existing product - no bib link done to that as not sure there is any relationship.
=985  \\$aRecord merged by DQ team
=CAT  \\$aCONV$b00$c20040425$lBLL90$h0720
=CAT  \\$aCONV$b00$c20040502$lBLL01$h1509
=CAT  \\$a6550$b40$c20051221$lBLL01$h1345
=CAT  \\$a3072$b40$c20100210$lBLL01$h1535
=CAT  \\$a3072$b40$c20100210$lBLL01$h1537
=CAT  \\$a3072$b40$c20100211$lBLL01$h0948
=FIN  \\$aY
=FMT  \\$a  SE
=LAS  \\$a3072$b40$c20100211$lBLL01$h0948
=LEO  \\$aMP13.0000125535
=SRC  \\$aDSS02$bbibh.200404.2.aa
=SRC  \\$aHSS01$bbibmp13.200404.2.aa
=TCO  \\$aTRS$bCCC$c008

