=LDR  01843 as a2200469 a 4500
=001  007195679
=003  Uk
=005  20120215131550.0
=006  m\\\\\\\\d\|\\\\\\
=007  cr||||||||||||
=008  040416c199u9999xxuuu\p\sr\\\\0\\\a0eng\\
=040  \\$aUk$beng$cUk
=082  04$a338.74025
=245  00$aMergent online$h[electronic resource].
=260  \\$aCharlotte, N.C. :$bMergent.
=336  \\$atext$2rdacontent
=337  \\$acomputer$2rdamedia
=338  \\$aonline resource$2rdacarrier
=500  \\$aTitle from initial display screen (viewed 15th Dec. 2004)
=520  \\$aAn international company database. US data covers 15,000 NYSE, AMEX and NASDAQ companies with financial archives from 1995 for 4,000 companies. Non-US data covers 20,000 public companies with financial archives from 1995 for 2,000 companies.
=538  \\$aMode of access: World Wide Web.
=650  \0$aCorporations$xFinance$vDirectories.
=650  \0$aCorporations$zUnited States$xFinance$vDirectories.
=690  7\$aManagement and Business Studies$2blcoll
=852  41$aBritish Library$bSTI
=856  40$uhttp://www.mergentonline.com$zFor subscribers only, requires user name and password; BL Reading Room access
=985  \\$acancelled
=A02  \\$a3011297$z0
=CAT  \\$aCONV$b00$c20040425$lBLL90$h0713
=CAT  \\$aCONV$b00$c20040502$lBLL01$h1212
=CAT  \\$a3072$b40$c20050119$lBLL01$h1610
=CAT  \\$a3072$b40$c20050216$lBLL01$h1149
=CAT  \\$aBATCH$b00$c20090517$lBLL01$h1818
=CAT  \\$aBATCH$b00$c20091207$lBLL01$h0417
=CAT  \\$aBATCH$b00$c20091214$lBLL01$h0222
=CAT  \\$aBATCH$b00$c20091216$lBLL01$h0041
=CAT  \\$a11279$b40$c20120215$lBLL01$h1315
=FIN  \\$aY$d20050216
=FMT  \\$a  SE
=LAS  \\$a11279$b40$c20120215$lBLL01$h1315
=SRC  \\$aDSS03$bbibsr.200404.2.aa
=TCO  \\$aTRS$bCCC$c008

