=LDR  03553 ai a2200721 a 4500
=001  014477374
=003  Uk
=005  20120103141529.0
=006  suu\w\s\\\\\0\\\\2
=006  m\\\\\\\\d\\\\\\\\
=007  cr\|||||||||||
=008  040507c19989999miuuu\d\s\\\\\0\\\a2eng\d
=010  \\$a2004617569
=035  \\$a(OCoLC)61854393$z(OCoLC)41168856$z(OCoLC)41170007$z(OCoLC)57192996
=040  \\$aBUF$cBUF$dDLC$dGUL$dCUS$dBOS$dZCU$dBTCTA$dZCU$dUk
=042  \\$aukblsr
=043  \\$an-us---
=050  00$aZ1223.Z9
=082  04$a015.73053$222
=130  0\$aDeclassified documents reference system (Online)
=245  10$aDeclassified documents reference system$h[electronic resource] :$bDDRS.
=246  30$aDDRS
=247  10$aDeclassified documents reference system, US$f<Dec. 17, 1999>
=256  \\$aElectronic data.
=260  \\$a[Detroit, Mich.] :$bThomson Gale
=260  3\$3<Feb. 2008>$a[United States] :$bGale, Cengage Learning
=336  \\$atext$2rdacontent
=337  \\$acomputer$2rdamedia
=338  \\$aonline resource$2rdacarrier
=362  1\$aBegan in 1998?
=500  \\$aTitle from basic search screen (viewed Dec. 6, 2004).
=500  \\$aLast viewed Feb. 18, 2008.
=500  \\$aPreviously published by Primary Source Media <Dec. 17, 1999- >.
=506  \\$aAvailable by subscription only.
=516  \\$aText (HTML and digital images).
=520  \\$aProvides online access to over 500,000 pages of previously classified government documents. Covering major international events from the Cold War to the Vietnam War and beyond, this single source enables users to locate key information underpinning studies in international relations, American studies, United States foreign and domestic policy studies, journalism and more. Users can query every document in the database for any name, date, word, or phrase. Searches can also be focused according to document type, issue date, source institution, classification level, date declassified, sanitization, completeness, number of pages, and document number. The database ranges from the years immediately following World War II, when declassified documents were first made widely available, through the 1970s.
=530  \\$aIssued also on microfiche.
=538  \\$aMode of access: World Wide Web.
=650  \0$aGovernment publications$zUnited States.
=650  \0$aGovernment information$zUnited States.
=650  \0$aSecurity classification (Government documents)$zUnited States.
=651  \0$aUnited States$xPolitics and government$vSources.
=651  \0$aUnited States$xForeign relations$vSources.
=653  \\$adeclassified documents$aclassified documents$agovernment documents$aFOIA
=655  \0$aElectronic reference sources.
=655  \0$aOnline databases.
=710  2\$aGale Group.
=710  2\$aPrimary Source Media (Firm)
=776  1\$tDeclassified documents reference system$x1049-4278
=852  41$aBritish Library$bHMNTS
=856  40$uhttp://galenet.galegroup.com/servlet/DDRS?finalAuth=true$zFor subscribers only; follow links to resource
=985  \\$aCancelled; email from JG 3/1/2010; holding removed.
=CAT  \\$a6524$b40$c20071219$lBLL01$h1401
=CAT  \\$a3072$b40$c20080218$lBLL01$h1229
=CAT  \\$a3072$b40$c20080218$lBLL01$h1238
=CAT  \\$a3072$b40$c20080218$lBLL01$h1548
=CAT  \\$a3072$b40$c20080220$lBLL01$h0957
=CAT  \\$a3072$b40$c20120103$lBLL01$h1415
=FIN  \\$aY$d20080218
=FMT  \\$a  SE
=LAS  \\$a3072$b40$c20120103$lBLL01$h1415
=SID  \\$aZ39$bOCLC
=TCO  \\$aTRS$bCCC$c008

