=LDR  02114 ai a2200577 a 4500
=001  012446842
=003  Uk
=005  20111014102809.0
=006  m\\\\\\\\d\|\\\\\\
=007  cr||||||||||||
=008  040416c199u9999sp\\x\d\s\ais\0\\\a2eng\\
=040  \\$aUk$beng$cUk$dUk
=041  0\$aeng$afre$aspa$arus$aara
=042  \\$aukblsr
=082  04$a338.4791$222
=245  00$aWorld Tourism Organization e-library$h[electronic resource].
=246  1\$iHTML title:$aWTOelibrary
=260  \\$aMadrid :$bWorld Tourism Organization
=336  \\$atext$2rdacontent
=337  \\$acomputer$2rdamedia
=338  \\$aonline resource$2rdacarrier
=500  \\$aTitle from home page (viewed on 6 July 2005).
=520  \\$aGives access to the full-text of over 450 reports from the WTO on the tourism industry. Covers 1992 to present, updated as new reports appear. Includes access to the Tourism factbook.
=538  \\$aMode of access: World Wide Web.
=546  \\$aReports in English, French, Spanish, Russian, or Arabic.
=610  20$aWorld Tourism Organization$xPublishing.
=650  \0$aTourism.
=650  \0$aTourism$vIndexes.
=650  \0$aTourism$vStatistics.
=690  7\$aManagement and Business Studies$2blcoll
=710  2\$aWorld Tourism Organization.
=740  02$aTourism factbook.
=852  41$aBritish Library$bSTI
=856  4\$uhttp://hermia.wtoelibrary.org
=985  \\$asub cancelled - email from S.Ashpitel 15 October 2009.
=A02  \\$a3025350$z0
=CAT  \\$aCONV$b00$c20040425$lBLL90$h0713
=CAT  \\$aCONV$b00$c20040502$lBLL01$h1509
=CAT  \\$a3072$b40$c20050706$lBLL01$h1614
=CAT  \\$aBATCH$b00$c20090610$lBLL01$h1715
=CAT  \\$aBATCH$b00$c20091210$lBLL01$h2336
=CAT  \\$aBATCH$b00$c20091214$lBLL01$h0847
=CAT  \\$aBATCH$b00$c20091216$lBLL01$h0221
=CAT  \\$a3072$b40$c20100111$lBLL01$h1621
=CAT  \\$a3072$b40$c20111014$lBLL01$h1023
=CAT  \\$a3072$b40$c20111014$lBLL01$h1028
=FIN  \\$aY$d20050706
=FMT  \\$a  SE
=LAS  \\$a3072$b40$c20111014$lBLL01$h1028
=SRC  \\$aDSS03$bbibsr.200404.2.aa
=TCO  \\$aESP$bCEDRO$c008

