=LDR  01660 ai a2200457 a 4500
=001  012453450
=003  Uk
=005  20110908160754.0
=006  m\\\\\\\\d\\\\\\\\
=007  cr\|||||||||||
=008  030402c20019999xxu\x\d\s\h\\\0\\\a2eng\\
=019  1\$abld00L0396
=040  \\$aUk$cUk$dUk
=245  00$aAfrican American biographical database$h[electronic resource] :$bAABD.
=246  3\$aAABD
=260  \\$a[Ann Arbor, Mich.] :$bChadwyck-Healey,$c[2001]-
=310  \\$aUpdated six times yearly
=336  \\$atext$2rdacontent
=337  \\$acomputer$2rdamedia
=338  \\$aonline resource$2rdacarrier
=500  \\$aTitle from home page (viewed on 2 Apr. 2003).
=520  \\$aAABD draws its initial content from Chadwyck-Healey's Black biographical dictionaries 1790-1950 and biographical portraits from other sources are being added as the database expands.
=538  \\$aMode of access: World Wide Web.
=650  \0$aAfrican Americans$vBiography.
=650  \0$aAfrican Americans$vBiography$vDatabases.
=852  41$aBritish Library$bHMNTS
=856  40$uhttp://aabd.chadwyck.com
=957  \\$a030402p
=985  \\$aRecord merged by DQ team
=985  \\$a{dollar}j removed from holding; BL has closed its sub - email from K. Kowal 31/08/2011.
=CAT  \\$aCONV$b00$c20040425$lBLL90$h0720
=CAT  \\$aCONV$b00$c20040502$lBLL01$h1509
=CAT  \\$a6550$b40$c20051115$lBLL01$h1511
=CAT  \\$a3072$b40$c20110908$lBLL01$h1607
=FIN  \\$aY
=FMT  \\$a  SE
=LAS  \\$a3072$b40$c20110908$lBLL01$h1607
=LEO  \\$aMP13.0000121121
=SRC  \\$aHSS01$bbibmp13.200404.2.aa
=SRC  \\$aDSS02$bbibh.200404.2.aa
=TCO  \\$aTRS$bCCC$c008

